@book{steinerProblem,
  title={The Steiner tree problem: a tour through graphs, algorithms, and complexity},
  author={Pr{\"o}mel, Hans J{\"u}rgen and Steger, Angelika},
  year={2002},
  publisher={Springer Science \& Business Media}
}

@book{cormen,
  title={Algorithmen: eine Einf{\"u}hrung},
  author={Cormen, T.H.},
  year={2010},
  publisher={Oldenbourg}
}

@ARTICLE {akhmedov2014,
    author  = "Murodzhon Akhmedov, Ivo Kwee and Roberto Montemann",
    title   = "A fast heur istic for the prize - collecting  S teiner tree problem",
    journal = "Lecture N otes in Management Science",
    year    = "2014",
    volume  = "6",
    pages   = "207-216"
}
